@article{sobieraj2021application,
  title={Application of the Bayesian New Keynesian DSGE Model to Polish Macroeconomic Data},
  author={Sobieraj, Janusz and Metelski, Dominik},
  journal={Engineering Economics},
  volume={32},
  number={2},
  pages={140--153},
  year={2021}
}